@misc{collision,
	author = {Collision Detection},
	title = {Collision Detection},
	howpublished = {\url{https://www.jeffreythompson.org/collision-detection/line-circle.php}},
	note = {Internet, 2021.}
}

@misc{bounce,
	author = {Alexander Fernandes},
	title = {Boncing Ball},
	howpublished = {\url{https://codepen.io/AlexRA96/pen/egaxVV?editors=0010}},
	note = {Internet, 2021.}
}

@misc{game,
	author = {Build HTML5 Games in JavaScript},
	title = {Build HTML5 Games in JavaScript},
	howpublished = {\url{https://end3r.github.io/Gamedev-Canvas-Content-Kit/slides/workshop}},
	note = {Internet, 2021.}
}

@misc{veges1,
	author = {Dr. Tamás Péter, Bojtos Attila, Décsei-Paróczi Annamária, Dr. Fekete Róbert Tamás },
	title = {Végeselem módszerek},
	howpublished = {\url{https://regi.tankonyvtar.hu/hu/tartalom/tamop412A/2011-0042_vegeselem_modszerek/ch02s03.html}},
	year={2014}
}

@misc{veges2,
	author = {Szerkesztette:KOVÁCS ÁDÁM Írta:MOHAROS ISTVÁN, OLDAL ISTVÁN, SZEKRÉNYES ANDRÁS},
	title = {Végeselem-módszer},
	howpublished = {\url{https://www.mm.bme.hu/~gyebro/files/vem/kovacs-szekrenyes_vegeselem_modszer.pdf}},
	year={2011}
}

@misc{wiki,
	author = {Wikipedia},
	title = {Végeselem módszer},
	howpublished = {\url{https://hu.wikipedia.org/wiki/Végeselem_módszer}},
	note = {Internet, 2021.}
}
@misc{alk,
	author = {Horváth Győző, Visnovitz Márton},
	title = {A BÖNGÉSZŐ MINT ALKALMAZÁS­FEJLESZTÉSI PLATFORM},
	howpublished = {\url{http://webprogramozas.inf.elte.hu/tananyag/kliens}},
	year = {2017}
}

@misc{valos,
	author = {Valós idejű web Javascript alapokon – áttekintés},
	title = {Valós idejű web Javascript alapokon – áttekintés},
	howpublished = {\url{http://weblabor.hu/cikkek/valos-ideju-web-javascript-alapokon}},
	note = {Internet, 2010.}
}



@misc{szim,
	author = {Vezetés és vezetők},
	title = {Folyamatmodellezés és szimuláció},
	howpublished = {\url{http://www.vezetes-vezetok.hu/donteselokeszites/szimulacios-modellek}},
	note = {Internet, 2009.}
}

@misc{szim2,
	author = {Dr. Bohács Gábor},
	title = {Vezetés és vezetők},
	howpublished = {\url{http://etananyag.szerep.sze.hu/JaDoX_Portlets/displayContent?docId=47647&secId=2276}},
	year = {2012}
}



